@Manual{,
    title = {sna: Tools for Social Network Analysis},
    author = {Carter T. Butts},
    year = {2014},
    note = {R package version 2.3-2},
    url = {http://CRAN.R-project.org/package=sna},
  }
